% student-specific references

@online{GoLogoBlue,
  author = {The-Go-Authors},
  title = {Golang Logo},
  url = {https://upload.wikimedia.org/wikipedia/commons/0/05/Go_Logo_Blue.svg},
  year = 2018,
  urldate = {2023-02-10}
}

@online{DockerLogo,
  author = {Docker-Inc.},
  title = {Docker Logo},
  url = {https://upload.wikimedia.org/wikipedia/en/f/f4/Docker_logo.svg},
  year = 2022,
  urldate = {2023-02-11}
}

@online{MySqlLogo,
  author = {Oracle},
  title = {MySQL Logo},
  url = {https://upload.wikimedia.org/wikipedia/en/d/dd/MySQL_logo.svg},
  year = 2022,
  urldate = {2023-02-11}
}

@online{MqttLogo,
  author = {OASIS},
  title = {Logo of the MQTT protocol},
  url = {https://upload.wikimedia.org/wikipedia/commons/e/e0/Mqtt-hor.svg},
  year = 2020,
  urldate = {2023-02-11}
}

@online{gorm,
    author = {Jinzhu},
    title = {GORM: The fantastic ORM library for Golang},
    url = {https://gorm.io},
    year = 2023,
    urldate = {2023-02-12}
}

@online{gorm:drivers,
    author = {Jinzhu},
    title = {GORM Unterstützte Datenbanken},
    url = {https://gorm.io/docs/connecting_to_the_database.html},
    year = 2023,
    urldate = {2023-02-12}
}


@online{mysql:docker-image,
    author = {Docker-Community, MySQL-Team},
    title = {Docker Hub: MySQL Image},
    url = {https://hub.docker.com/_/mysql},
    year = 2023,
    urldate = {2023-02-12}
}

@online{mosquitto:docker-image,
    author = {Eclipse Foundation},
    title = {Docker Hub: Eclipse-Mosquitto Image},
    url = {https://hub.docker.com/_/eclipse-mosquitto},
    year = 2023,
    urldate = {2023-02-19}
}

@online{go:spec:structs,
    author = {The-Go-Authors},
    title = {Go Struct Specification},
    url = {https://go.dev/ref/spec#Struct_types},
    year = 2023,
    urldate = {2023-02-12}
}

@online{go:proverbs:concurrency,
    author = {Rob Pike},
    title = {Go Proverbs},
    url = {https://go-proverbs.github.io},
    year = 2023,
    urldate = {2023-02-24}
}


@online{go:tour:concurrency,
    author = {The-Go-Authors},
    title = {Tour of Go: Concurrency},
    url = {https://go.dev/tour/concurrency/3},
    year = 2023,
    urldate = {2023-02-24}
}

@online{go:pkg:json:marshal,
    author = {The-Go-Authors},
    title = {Go JSON Paket},
    url = {https://golang.org/pkg/encoding/json\#Marshal},
    year = 2023,
    urldate = {2023-02-24}
}

@online{go:wiki,
    author = {Wikipedia},
    title = {Go},
    url = {https://de.wikipedia.org/wiki/Go_(Programmiersprache)},
    year = 2023,
    urldate = {2023-02-12}
}

@online{osi-layers,
    author = {\MjAbbreviation},
    title = {OSI Schichtenmodell (Eigenes Werk)},
    url = {https://de.wikipedia.org/wiki/Internetprotokollfamilie#TCP/IP-Referenzmodell},
    year = 2023,
    urldate = {2023-02-13}
}

@online{wiki:tcp:handshake,
    author = {},
    title = {TCP Handshake},
    url = {https://de.wikipedia.org/wiki/Transmission_Control_Protocol#Verbindungsaufbau},
    year = 2023,
    urldate = {2023-02-13}
}

@online{wiki:tcp:teardown,
    author = {},
    title = {TCP Teardown},
    url = {https://de.wikipedia.org/wiki/Transmission_Control_Protocol#Verbindungsabbau},
    year = 2023,
    urldate = {2023-02-13}
}

@online{sec:theory:http:method:options,
    author = {Mozilla.org},
    title = {HTTP Options Methode},
    url = {https://developer.mozilla.org/en-US/docs/Web/HTTP/Methods/OPTIONS},
    year = 2023,
    urldate = {2023-02-13}
}

@online{sec:theory:http:method:put,
    author = {Mozilla.org},
    title = {HTTP Put Methode},
    url = {https://developer.mozilla.org/en-US/docs/Web/HTTP/Methods/PUT},
    year = 2023,
    urldate = {2023-02-13}
}

@online{wiki:http:auth:digest,
    author = {},
    title = {HTTP Digest Authentication},
    url = {https://de.wikipedia.org/wiki/HTTP-Authentifizierung#Digest_Access_Authentication},
    year = 2023,
    urldate = {2023-02-13}
}

@online{go:goroutines,
    author = {The-Go-Authors},
    title = {Tour of Go: Concurrency Goroutines},
    url = {https://go.dev/tour/concurrency/1},
    year = 2023,
    urldate = {2023-02-17}
}

@online{go:waitgroup,
    author = {The-Go-Authors},
    title = {Synchronization: sync.WaitGroup},
    url = {https://pkg.go.dev/sync#WaitGroup},
    year = 2023,
    urldate = {2023-02-17}
}

@online{go:channels,
    author = {Go-By-Example},
    title = {Go-By-Example: Concurrency Channels},
    url = {https://gobyexample.com/channels},
    year = 2023,
    urldate = {2023-02-17}
}

@online{wiki:middleware,
    author = {Wikipedia},
    title = {Middleware},
    url = {https://de.wikipedia.org/wiki/Middleware},
    year = 2023,
    urldate = {2023-02-18}
}

@online{impl:docker-compose:1,
    author = {Docker-Inc.},
    title = {Compose Startup-Order},
    url = {https://docs.docker.com/compose/startup-order},
    year = 2023,
    urldate = {2023-02-18}
}

@online{impl:docker-compose:3,
    author = {ufoscout},
    title = {Docker-Compose-Wait},
    url = {https://github.com/ufoscout/docker-compose-wait},
    year = 2023,
    urldate = {2023-02-18}
}

@online{impl:docker-compose:4,
    author = {caribbean.dev community},
    title = {SQL Import Docker Compose},
    url = {https://community.caribbean.dev/t/how-can-i-import-a-sql-file-once-i-start-up-my-docker-compose-file/295},
    year = 2023,
    urldate = {2023-02-18}
}


@online{go:install,
    author = {The-Go-Authors},
    title = {Download and Install},
    url = {https://go.dev/doc/install},
    year = 2023,
    urldate = {2023-02-18}
}

@online{docker:install,
    author = {Docker.Inc},
    title = {Docker Install},
    url = {https://docs.docker.com/get-docker},
    year = 2023,
    urldate = {2023-02-18}
}


@online{go:gorilla,
    author = {Docker.Inc},
    title = {Docker Install},
    url = {https://www.gorillatoolkit.org},
    year = 2023,
    urldate = {2023-02-18}
}

@online{wiki:docker,
  author = {Wiki},
  title = {Docker},
  url = {https://de.wikipedia.org/wiki/Docker_(Software)},
  year = 2022,
  urldate = {2023-02-20}
}

@online{wiki:mysql,
  author = {Wiki},
  title = {MySQL},
  url = {https://de.wikipedia.org/wiki/MySQL},
  year = 2022,
  urldate = {2023-02-20}
}

@online{src:therory:mqtt,
  author = {OPC-Router},
  title = {Was ist MQTT?},
  url = {https://www.opc-router.de/was-ist-mqtt},
  year = 2022,
  urldate = {2023-02-20}
}

@online{src:jwt,
  author = {auth0},
  title = {Introduction to JSON Web Tokens},
  url = {https://jwt.io/introduction},
  year = 2022,
  urldate = {2023-02-20}
}


@online{src:ionos:websocket,
  author = {Ionos},
  title = {Was ist ein Websocket?},
  url = {https://www.ionos.at/digitalguide/websites/web-entwicklung/was-ist-websocket},
  year = 2022,
  urldate = {2023-02-20}
}

@online{src:redhat:rest,
  author = {Redhat.com},
  title = {Was ist REST?},
  url = {https://www.redhat.com/de/topics/api/what-is-a-rest-api},
  year = 2022,
  urldate = {2023-02-20}
}

@online{src:json:org,
  author = {Json.org},
  title = {Einführung in JSON},
  url = {https://www.json.org/json-de.html},
  year = 2022,
  urldate = {2023-02-20}
}

@online{wiki:base64,
  author = {Wiki},
  title = {Base64 Kodierung},
  url = {https://de.wikipedia.org/wiki/Base64},
  year = 2022,
  urldate = {2023-02-24}
}

@online{wiki:ngrep,
  author = {Wiki},
  title = {Ngrep},
  url = {https://wikipedia.org/wiki/Ngrep},
  year = 2022,
  urldate = {2023-02-24}
}


@online{wiki:packet-analyzer,
  author = {Wiki},
  title = {Packet Analyzer},
  url = {https://wikipedia.org/wiki/Packet_analyzer},
  year = 2022,
  urldate = {2023-02-24}
}

@online{wiki:uuid,
  author = {Wiki},
  title = {UUID},
  url = {https://de.wikipedia.org/wiki/Universally\_Unique\_Identifier},
  year = 2022,
  urldate = {2023-02-24}
}

@online{rfc:websocket,
  author = {IETF},
  title = {RFC 6455: The WebSocket Protocol},
  url = {https://www.rfc-editor.org/rfc/rfc6455},
  year = 2022,
  urldate = {2023-03-13}
}