% common references

@online{LitecHome,
  author = {Linzer Technikum},
  title = {Linzer Technikum Homepage},
  year = 2023,
  url = {https://www.litec.ac.at},
  urldate = {2023-01-21}
}