% common references

% @online{LitecHome,
%   author = {Linzer Technikum},
%   title = {Linzer Technikum Homepage},
%   year = 2023,
%   url = {https://www.litec.ac.at},
%   urldate = {2023-01-21}
% }

@online{Flutter,
  author = {Wikipedia},
  title = {Flutter Wikipedia},
  year = 2023,
  url = {https://de.wikipedia.org/wiki/Flutter_(Software)},
  urldate = {2023-02-07}
}

@online{Flutter-Architektur,
  author = {Ryte},
  title = {Flutter Architektur},
  year = 2023,
  url = {https://de.ryte.com/wiki/Flutter},
  urldate = {2023-02-11}
}

@online{Dart,
  author = {Wikipedia},
  title = {Dart Wikipedia},
  year = 2023,
  url = {https://de.wikipedia.org/wiki/Dart_(Programmiersprache)},
  urldate = {2023-02-07}
}

@online{Android,
  author = {Wikipedia},
  title = {Android Studio Wikipedia},
  year = 2023,
  url = {https://de.wikipedia.org/wiki/Android_Studio},
  urldate = {2023-02-07}
}

@online{Flutter-Architektur-SVG,
  author = {GitHub},
  title = {Flutter Architecture SVG},
  year = 2023,
  url = {https://raw.githubusercontent.com/flutter/engine/master/docs/flutter_overview.svg?sanitize=true},
  urldate = {2023-02-11}
}

@online{Flutter-Widgets,
  author = {Stackoverflow},
  title = {Flutter Widgets},
  year = 2023,
  url = {https://stackoverflow.com/questions/50958238/what-is-a-widget-in-flutter},
  urldate = {2023-02-11}
}

@online{Flutter-Vorteile,
  author = {Objectivity},
  title = {Flutter Vorteile},
  year = 2023,
  url = {https://www.objectivity.de/blog/flutter-app-entwicklung-vor-und-nachteile/},
  urldate = {2023-02-11}
}

@online{Flutter-Logo,
  author = {cdn-images},
  title = {Flutter Logo},
  year = 2023,
  url = {https://cdn-images-1.medium.com/max/1200/1*mMJ3IvaAuMAmqjtyistCog.png},
  urldate = {2023-02-11}
}

@online{Dart-Aufbau,
  author = {Ionons},
  title = {Dart Aufbau},
  year = 2023,
  url = {https://www.ionos.de/digitalguide/websites/web-entwicklung/dart-programmiersprache/},
  urldate = {2023-02-11}
}

@online{Android-AVD,
  author = {Programmieren Lernen},
  title = {AVD},
  year = 2023,
  url = {https://www.programmierenlernenhq.de/tutorial-android-ausfuehren-der-app-im-emulator/},
  urldate = {2023-02-11}
}

@online{VSCode-Logo,
  author = {Iconape},
  title = {VSCode Logo},
  year = 2023,
  url = {https://iconape.com/wp-content/png_logo_vector/visual-studio-code.png},
  urldate = {2023-02-11}
}

@online{Generierung-AppBundle,
  author = {Flutter},
  title = {Flutter Generierung AppBundle},
  year = 2023,
  url = {https://docs.flutter.dev/deployment/android},
  urldate = {2023-02-11}
}

@online{AppBundle,
  author = {Android},
  title = {AppBundle},
  year = 2023,
  url = {https://developer.android.com/guide/app-bundle},
  urldate = {2023-02-11}}

@online{Flutter-Pi,
  author = {Android},
  title = {Anleitung Flutter Pi},
  year = 2023,
  url = {https://wiki.seeedstudio.com/reTerminal-build-UI-using-Flutter/},
  urldate = {2023-02-11}}

@online{Flutter-State-Example,
  author = {Flutter},
  title = {Flutter State},
  year = 2023,
  url = {https://docs.flutter.dev/development/data-and-backend/state-mgmt/ephemeral-vs-app},
  urldate = {2023-02-17}
}

@online{Flutter-State-Type,
  author = {Flutter},
  title = {Flutter State},
  year = 2023,
  url = {https://docs.flutter.dev/development/data-and-backend/state-mgmt/ephemeral-vs-app},
  urldate = {2023-02-17}
}

@online{Flutter-State-Managment,
  author = {Flutter},
  title = {Flutter State Managment},
  year = 2023,
  url = {https://docs.flutter.dev/development/data-and-backend/state-mgmt/intro},
  urldate = {2023-02-17}
}

@online{Flutter-Provider-Example,
  author = {Flutter},
  title = {Flutter Provider Example},
  year = 2023,
  url = {https://docs.flutter.dev/assets/images/docs/development/data-and-backend/state-mgmt/simple-widget-tree-with-cart.png},
  urldate = {2023-02-17}
}

@online{Flutter-Provider,
  author = {Medium},
  title = {Flutter Provider},
  year = 2023,
  url = {https://medium.com/bancolombia-tech/flutter-provider-what-is-it-what-is-it-for-and-how-to-use-it-47d6941860d7},
  urldate = {2023-02-17}
}

@online{VS-Code,
  author = {Heise},
  title = {VS-Code},
  year = 2023,
  url = {https://www.heise.de/hintergrund/Visual-Studio-Code-Ein-Code-Editor-fuer-alle-s-6128966.html?seite=3},
  urldate = {2023-02-17}
}

@online{Navigator,
  author = {Flutter},
  title = {Navigator},
  year = 2023,
  url = {https://docs.flutter.dev/development/ui/navigation},
  urldate = {2023-02-17}
}

@online{Named-Parameter,
  author = {Flutterbyexample},
  title = {Paraneter},
  year = 2023,
  url = {https://flutterbyexample.com/lesson/function-arguments-default-optional-named},
  urldate = {2023-02-17}
}

@online{Hot-Reload,
  author = {Flutter},
  title = {Hot Reload},
  year = 2023,
  url = {https://docs.flutter.dev/development/tools/hot-reload},
  urldate = {2023-02-17} 
}
@online{name-conventions,
  author = {Khalil Stemmler},
  title = {Namens Konventionen},
  year = 2023,
  url = {https://d33wubrfki0l68.cloudfront.net/d2e9b29b5b5ca240f892abb01445a4ed30c32842/a872b/img/blog/camel-snake-pascal-case/camel-case-snake-case-pascal-case.png},
  urldate = {2023-02-17} 
}


@online{responsive-design,
  author = {Flutter},
  title = {Responsive Design},
  year = 2023,
  url = {https://docs.flutter.dev/development/ui/layout/adaptive-responsive},
  urldate = {2023-02-17} 
}

@online{asynchrone-programmierung,
  author = {Flutter},
  title = {Asynchrone Programmierung},
  year = 2023,
  url = {https://dart.academy/asynchronous-programming-in-dart-and-flutter/},
  urldate = {2023-02-17} 
}

@online{modifier,
  author = {Flutter},
  title = {Namens Konventionen},
  year = 2023,
  url = {https://dart.dev/guides/language/language-tour},
  urldate = {2023-02-17} 
}

@online{flutter-serialization-json,
  author = {Flutter},
  title = {Seralisierung und Dtos},
  year = 2023,
  url = {https://docs.flutter.dev/development/data-and-backend/json},
  urldate = {2023-02-17} 
}

@online{name-conventions-desc,
  author = {Code Expedia},
  title = {},
  year = 2023,
  url = {https://www.codexpedia.com/flutter/flutter-dart-naming-conventions/},
  urldate = {2023-02-17} 
}

@online{Mermaid,
  author = {Mermaid},
  title = {Mermaid},
  year = 2023,
  url = {https://mermaid.live/edit#pako:eNplUstuwjAQ_JXIJyPBD3CoRFveUCihFxoOJlkSq8kG2etK5fFbPfXGj9U4IEKSk2dnMjNO9sDCPALWZrESu8SbLAL07NPhL6kEpIbXaj0dN6AgTEjGdPS6n50ok7gOsFB2Lwqvx30SZLQncA8yBmwUbM-xY97LQ6MfZhM-lxg_jKbORGqSX86gHNDnY6EIsBrQd-wbH0jcm-35r8rM-DMItQFJFWLOJ-dfHSa1pIFtkSsRQ-0ygyKrDGZlMH80GvIFaFDfEpTBuF59eHvpDt75yjb1QKImSNNat5G9DRrag6qajcpmBVjcxRa5v1ax83n3muQKXq18xy15Z5NBGlXGH3yZQAYN1mQZqEzIyO7O4aIIGF2YgLXtMYKtMCkFLMCTlQpDuf-DIWuTMtBkZhcJglcp7NZltyFE0n74abGObiubbCdwledWshWphtM_UnjLZw},
  urldate = {2023-02-17} 
}

@online{flutter-layer,
  author = {Code with Andrea},
  title = {Layers in Fluter},
  year = 2023,
  url = {https://codewithandrea.com/articles/flutter-app-architecture-application-layer/},
  urldate = {2023-02-23} 
}

@online{FlutterInstall,
  author = {Flutter Pub Dev},
  title = {Install Flutter},
  year = 2023,
  url = {https://docs.flutter.dev/get-started/install},
  urldate = {2023-03-10} 
}

@online{Android-Studio,
  author = {Android Developer},
  title = {Install Android Studio},
  year = 2023,
  url = {https://developer.android.com/studio/install},
  urldate = {2023-03-10} 
}

@online{Choco,
  author = {Chocolatey},
  title = {Install Choco},
  year = 2023,
  url = {https://chocolatey.org/install},
  urldate = {2023-03-10} 
}

@online{Docker,
  author = {Docker},
  title = {Install Docker},
  year = 2023,
  url = {https://docs.docker.com/engine/install/},
  urldate = {2023-03-10} 
}

@online{VS-Code-Install,
  author = {VS-Code},
  title = {Install VS-Code},
  year = 2023,
  url = {https://code.visualstudio.com/Download},
  urldate = {2023-03-10} 
}

@online{SplashScreen,
  author = {Geegs For Geegs},
  title = {Add a Splash Screen},
  year = 2023,
  url = {https://www.geeksforgeeks.org/splash-screen-in-flutter/},
  urldate = {2023-03-10} 
}

@online{AppName,
  author = {Flutter Pub Dev},
  title = {Change App Name},
  year = 2023,
  url = {https://pub.dev/packages/flutter_app_name},
  urldate = {2023-03-10} 
}

@online{AppIcon,
  author = {Flutter Pub Dev},
  title = {Chnage App Icon},
  year = 2023,
  url = {https://pub.dev/packages/flutter_launcher_icons},
  urldate = {2023-03-10} 
}